Umsatzauskunft;;;;;;;;
Name;Max Mustermann;;;;;;;
BLZ;BLZ;;;;;;;
Kontonummer;KONTONUMMER;;;;;;;
IBAN;DEBLZKONTONUMMER;;;;;;;
Aktueller Kontostand;10.000,00 €;;;;;;;
Summe der Umsätze in den nächsten 14 Tagen;-1.000,00 €;;;;;;;
;;;;;;;;
Umsätze in den nächsten 14 Tagen;;;;;;;;
Buchungsdatum;Umsatzart;Buchungsdetails;Auftraggeber;Empfänger;Betrag (€);;;
01.02.2022;Dauerauftrag;RENTE FÜR ELTERN;Max Mustermann;Max Mustermann;-10,00 €;;;
31.01.2022;Dauerauftrag;DARLEHENSKONTONUMMER;Max Mustermann;BUNDESKASSE HALLE;-130,00 €;;;
01.02.2022;Dauerauftrag;URLAUB;Max Mustermann;Max Mustermann;-250,00 €;;;
02.02.2022;Dauerauftrag;MIETE FUER:HASENSTR. 1,7XXXX STUTTGART;Max Mustermann;W+I HAMMER;-860,00 €;;;
01.02.2022;Dauerauftrag;RUECKLAGEN;Max Mustermann;Max Mustermann;-50,00 €;;;
28.01.2022;Dauerauftrag;ETF-SPARPLAN;Max Mustermann;Max Mustermann;-250,00 €;;;
;;;;;;;;
gebuchte Umsätze;;;;;;;;
Buchungsdatum;Wertstellung;Umsatzart;Buchungsdetails;Auftraggeber;Empfänger;Betrag (€);Saldo (€);
24.01.2022;24.01.2022;Gutschrift;Referenz YYW1018077879172 PAYPAL. IKEA Deutschland GmbH & Co. KG, Ihr Einkauf bei IKEA Deutschland GmbH & Co. KG ABBUCHUNG VOM PAYPAL-KONTO;PayPal (Europe) S.a.r.l. et Cie., S.C.A.;Max Mustermann;75,09 €;10.244,89 €;
21.01.2022;21.01.2022;Lastschrift;_8023393572 PAYPALLU96ZZZ.PP . Apple Services, Ihr Einkauf bei Apple Services;Max Mustermann;PayPal (Europe) S.a.r.l. et Cie., S.C.A.;-0,69 €;10.169,80 €;
19.01.2022;19.01.2022;Überweisung;_;Max Mustermann;LANDESHAUPTKASSE BERLIN, 10179 BLN.;-108,50 €;10.170,49 €;
19.01.2022;19.01.2022;Lastschrift;_8002456534 PAYPALLU96ZZZ.PP . Apple Services, Ihr Einkauf bei Apple Services;Max Mustermann;PayPal (Europe) S.a.r.l. et Cie., S.C.A.;-0,99 €;10.278,99 €;
19.01.2022;19.01.2022;Lastschrift;Referenz 411100124073M_-ID DE11ZZZ00000144980Kunde _, siehe Zahlungsavis (E-Mail);Max Mustermann;SHARE NOW GmbH;-20,14 €;10.279,98 €;
19.01.2022;19.01.2022;Lastschrift;Referenz NOTPROVIDEDM_ U451980729 B530900801 SIMply Rechnung;Max Mustermann;Drillisch Online GmbH;-14,66 €;10.300,12 €;
18.01.2022;18.01.2022;Lastschrift;_7940591630 PAYPALLU96ZZZ.PP . Takeaway.com PaymentsB.V., Ihr Einkauf bei Takeaway.comPayments B.V.;Max Mustermann;PayPal (Europe) S.a.r.l. et Cie., S.C.A.;-1,15 €;10.314,78 €;
18.01.2022;18.01.2022;Lastschrift;_7988679073 PAYPALLU96ZZZ.PP . Apple Services, Ihr Einkauf bei Apple Services;Max Mustermann;PayPal (Europe) S.a.r.l. et Cie., S.C.A.;-3,99 €;10.315,93 €;
18.01.2022;18.01.2022;Lastschrift;_7988729530 PAYPALLU96ZZZ.PP . Apple Services, Ihr Einkauf bei Apple Services;Max Mustermann;PayPal (Europe) S.a.r.l. et Cie., S.C.A.;-3,99 €;10.319,92 €;
18.01.2022;18.01.2022;Lastschrift;_7988686362 PAYPALLU96ZZZ.PP . Apple Services, Ihr Einkauf bei Apple Services;Max Mustermann;PayPal (Europe) S.a.r.l. et Cie., S.C.A.;-3,99 €;10.323,91 €;
18.01.2022;18.01.2022;Lastschrift;_7988698130 PAYPALLU96ZZZ.PP . Apple Services, Ihr Einkauf bei Apple Services;Max Mustermann;PayPal (Europe) S.a.r.l. et Cie., S.C.A.;-3,99 €;10.327,90 €;
18.01.2022;18.01.2022;Lastschrift;_7968770427 PAYPALLU96ZZZ.PP . Apple Services, Ihr Einkauf bei Apple Services;Max Mustermann;PayPal (Europe) S.a.r.l. et Cie., S.C.A.;-6,99 €;10.331,89 €;
18.01.2022;18.01.2022;Lastschrift;_7968696860 PAYPALLU96ZZZ.PP . Apple Services, Ihr Einkauf bei Apple Services;Max Mustermann;PayPal (Europe) S.a.r.l. et Cie., S.C.A.;-5,99 €;10.338,88 €;
18.01.2022;18.01.2022;Lastschrift;_7961976235 PAYPALLU96ZZZ.PP . Takeaway.com PaymentsB.V., Ihr Einkauf bei Takeaway.comPayments B.V.;Max Mustermann;PayPal (Europe) S.a.r.l. et Cie., S.C.A.;-31,57 €;10.344,87 €;
18.01.2022;18.01.2022;Lastschrift;_7940580612 PAYPALLU96ZZZ.PP . Takeaway.com PaymentsB.V., Ihr Einkauf bei Takeaway.comPayments B.V.;Max Mustermann;PayPal (Europe) S.a.r.l. et Cie., S.C.A.;-22,97 €;10.376,44 €;
17.01.2022;17.01.2022;Lastschrift;_7921745764 PAYPALLU96ZZZ.PP . Takeaway.com PaymentsB.V., Ihr Einkauf bei Takeaway.comPayments B.V.;Max Mustermann;PayPal (Europe) S.a.r.l. et Cie., S.C.A.;-36,39 €;10.399,41 €;
17.01.2022;17.01.2022;Lastschrift;_7921750712 PAYPALLU96ZZZ.PP . Takeaway.com PaymentsB.V., Ihr Einkauf bei Takeaway.comPayments B.V.;Max Mustermann;PayPal (Europe) S.a.r.l. et Cie., S.C.A.;-1,82 €;10.435,80 €;
17.01.2022;17.01.2022;Lastschrift;Referenz RECHNR. _M_-ID _/2022 K-NR. _ Ihre Rechnung online bei www.vodafone.de/meinkabel;Max Mustermann;Vodafone Deutschland GmbH;-29,99 €;10.437,62 €;
17.01.2022;17.01.2022;Lastschrift;Rundfunkbeitrag;Max Mustermann;Rundfunk ARD, ZDF, DRadio;-55,08 €;10.467,61 €;
14.01.2022;14.01.2022;Lastschrift;Referenz 6CLGK58KY2BPPHG0MkE.7(Q2,_+_.4Einreicher-ID DE94ZZZ00000561653306-6275748-0489105 AMZN Mktp DE 6CLGK58KY2BPPHG0;Max Mustermann;AMAZON PAYMENTS EUROPE S.C.A.;-23,93 €;10.522,69 €;
14.01.2022;14.01.2022;Dauerauftrag;RF66X395487520;Max Mustermann;RUNDFUNK ARD, ZDF, DRADIO;-105,00 €;10.546,62 €;
12.01.2022;12.01.2022;Lastschrift;_7881087500 PAYPALLU96ZZZ.PP . MILES Mobility GmbH, Ihr Einkauf bei MILES Mobility GmbH;Max Mustermann;PayPal (Europe) S.a.r.l. et Cie., S.C.A.;-19,50 €;10.651,62 €;
11.01.2022;11.01.2022;Lastschrift;_7821684282 PAYPALLU96ZZZ.PP . IKEA Deutschland GmbH& Co. KG, Ihr Einkauf bei IKEA Deutschland GmbH & Co. KG;Max Mustermann;PayPal (Europe) S.a.r.l. et Cie., S.C.A.;-97,43 €;10.671,12 €;
11.01.2022;11.01.2022;Lastschrift;_7831161996 PAYPALLU96ZZZ.PP . Apple Services, Ihr Einkauf bei Apple Services;Max Mustermann;PayPal (Europe) S.a.r.l. et Cie., S.C.A.;-4,99 €;10.768,55 €;
11.01.2022;11.01.2022;Lastschrift;_7831371250 PAYPALLU96ZZZ.PP . Apple Services, Ihr Einkauf bei Apple Services;Max Mustermann;PayPal (Europe) S.a.r.l. et Cie., S.C.A.;-6,99 €;10.773,54 €;
11.01.2022;11.01.2022;Lastschrift;_7825187106 PAYPALLU96ZZZ.PP . Takeaway.com PaymentsB.V., Ihr Einkauf bei Takeaway.comPayments B.V.;Max Mustermann;PayPal (Europe) S.a.r.l. et Cie., S.C.A.;-36,03 €;10.780,53 €;
11.01.2022;11.01.2022;Lastschrift;_7831826469 PAYPALLU96ZZZ.PP . Apple Services, Ihr Einkauf bei Apple Services;Max Mustermann;PayPal (Europe) S.a.r.l. et Cie., S.C.A.;-8,99 €;10.816,56 €;
11.01.2022;11.01.2022;Lastschrift;_7867905383 PAYPALLU96ZZZ.PP . Apple Services, Ihr Einkauf bei Apple Services;Max Mustermann;PayPal (Europe) S.a.r.l. et Cie., S.C.A.;-3,99 €;10.825,55 €;
10.01.2022;10.01.2022;Gutschrift;Referenz NOT PROVIDEDMIETE JANUAR 2022;MARIA GONZALEZ UnMi1;Max Mustermann;385,00 €;10.829,54 €;
10.01.2022;10.01.2022;Lastschrift;_7813082627 PAYPALLU96ZZZ.PP . Apple Services, Ihr Einkauf bei Apple Services;Max Mustermann;PayPal (Europe) S.a.r.l. et Cie., S.C.A.;-1,29 €;10.444,54 €;
10.01.2022;10.01.2022;Lastschrift;_7813066278 PAYPALLU96ZZZ.PP . Apple Services, Ihr Einkauf bei Apple Services;Max Mustermann;PayPal (Europe) S.a.r.l. et Cie., S.C.A.;-1,29 €;10.445,83 €;
10.01.2022;10.01.2022;Lastschrift;Referenz 5R73CVD5EPYZ6T2CMkE.7(Q2,_+_.4Einreicher-ID DE94ZZZ00000561653306-0946215-9088315 AMZN Mktp DE 5R73CVD5EPYZ6T2C;Max Mustermann;AMAZON PAYMENTS EUROPE S.C.A.;-11,95 €;10.447,12 €;
10.01.2022;10.01.2022;Lastschrift;_7813256075 PAYPALLU96ZZZ.PP . Apple Services, Ihr Einkauf bei Apple Services;Max Mustermann;PayPal (Europe) S.a.r.l. et Cie., S.C.A.;-8,99 €;10.459,07 €;
10.01.2022;10.01.2022;Lastschrift;_7813375977 PAYPALLU96ZZZ.PP . Apple Services, Ihr Einkauf bei Apple Services;Max Mustermann;PayPal (Europe) S.a.r.l. et Cie., S.C.A.;-7,99 €;10.468,06 €;
10.01.2022;10.01.2022;Lastschrift;_7812873041 PAYPALLU96ZZZ.PP . Apple Services, Ihr Einkauf bei Apple Services;Max Mustermann;PayPal (Europe) S.a.r.l. et Cie., S.C.A.;-6,99 €;10.476,05 €;
10.01.2022;10.01.2022;Lastschrift;_7812894381 PAYPALLU96ZZZ.PP . Apple Services, Ihr Einkauf bei Apple Services;Max Mustermann;PayPal (Europe) S.a.r.l. et Cie., S.C.A.;-1,29 €;10.483,04 €;
10.01.2022;10.01.2022;Lastschrift;_7812846928 PAYPALLU96ZZZ.PP . Apple Services, Ihr Einkauf bei Apple Services;Max Mustermann;PayPal (Europe) S.a.r.l. et Cie., S.C.A.;-5,99 €;10.484,33 €;
10.01.2022;10.01.2022;Überweisung;no-one;Max Mustermann;Max Mustermann;-5.000,00 €;10.490,32 €;
10.01.2022;08.01.2022;Einzahlung;CRM 56000182 KRT0003/12.2208.01 16.56 TA-NR. 00328670173 Stuttgart Bolzstr. 3-7Postbank Card (Debitkarte);;Max Mustermann;5.000,00 €;15.490,32 €;
07.01.2022;07.01.2022;Dauerauftrag;MONATSBUDGET FÜR ALLTÄGLICHES;Max Mustermann;Max Mustermann;-400,00 €;10.490,32 €;
06.01.2022;06.01.2022;Gutschrift;Referenz 14WNV0FO13WLOSMW304-3388775-3033910 AMZ PEARL Versandhaus 14WNV0FO13WLOSMW;AMAZON PAYMENTS EUROPE S.C.A.;Max Mustermann;43,99 €;10.890,32 €;
06.01.2022;06.01.2022;Gutschrift;Referenz 6T7XYPYZDMJ8SLNN304-3388775-3033910 AMZ PEARL Versandhaus 6T7XYPYZDMJ8SLNN;AMAZON PAYMENTS EUROPE S.C.A.;Max Mustermann;1,99 €;10.846,33 €;
06.01.2022;06.01.2022;Gutschrift;Referenz 337QZB1W9MM2FAHB304-5357371-6977923 AMZ Assurant Europe Insurance N.V. 337QZB1W9MM2FAHB;AMAZON PAYMENTS EUROPE S.C.A.;Max Mustermann;5,09 €;10.844,34 €;
06.01.2022;06.01.2022;Lastschrift;Referenz 410900054927M_-ID DE11ZZZ00000144980Kunde _, siehe Zahlungsavis (E-Mail);Max Mustermann;DEBLZ-SHARE NOW GMBH;-4,68 €;10.839,25 €;
06.01.2022;06.01.2022;Lastschrift;Referenz ZAA0102526038M_-ID _-Stuttgarter Strassenbahnen AG. Vielen Dank fuer Ihre Fahrt.;Max Mustermann;LOGPAY FINANCIAL SERVICES GMBH;-2,55 €;10.843,93 €;
06.01.2022;06.01.2022;Lastschrift;_7780353700 Paypal-ID _. REWE Markt GmbH, Ihr Einkauf beiREWE Markt GmbH;Max Mustermann;PayPal (Europe) S.a.r.l. et Cie., S.C.A.;-91,74 €;10.846,48 €;
05.01.2022;05.01.2022;Dauergutschrift;Referenz NOTPROVIDEDVerwendungszweckKommando zurueck;Max Mustermann;Max Mustermann;250,00 €;10.938,22 €;
05.01.2022;05.01.2022;Lastschrift;Referenz Kd.nr. _ 2000/_/001Einreicher-ID _ vom 05.01.2022;Max Mustermann;NEULAND Wohnungsgesellschaft mbH;-496,41 €;10.688,22 €;
05.01.2022;05.01.2022;Lastschrift;_7744012413 PAYPALLU96ZZZ.PP . Apple Services, Ihr Einkauf bei Apple Services;Max Mustermann;PayPal (Europe) S.a.r.l. et Cie., S.C.A.;-13,98 €;11.184,63 €;
04.01.2022;04.01.2022;Gutschrift;Referenz NOTPROVIDEDMiete Januar Erica UnMi2;ERICA UnMi2;Max Mustermann;410,00 €;11.198,61 €;
04.01.2022;04.01.2022;Kartenzahlung;Adana Grillhaus;Max Mustermann;Adana Grillhaus;-140,00 €;10.788,61 €;
04.01.2022;04.01.2022;Lastschrift;_7735014896 PAYPALLU96ZZZ.PP . Takeaway.com PaymentsB.V., Ihr Einkauf bei Takeaway.comPayments B.V.;Max Mustermann;PayPal (Europe) S.a.r.l. et Cie., S.C.A.;-1,25 €;10.928,61 €;
04.01.2022;04.01.2022;Lastschrift;_7734999496 PAYPALLU96ZZZ.PP . Takeaway.com PaymentsB.V., Ihr Einkauf bei Takeaway.comPayments B.V.;Max Mustermann;PayPal (Europe) S.a.r.l. et Cie., S.C.A.;-25,00 €;10.929,86 €;
04.01.2022;04.01.2022;Lastschrift;_7728831452 PAYPALLU96ZZZ.PP . LogPay Financial Services GmbH, Ihr Einkauf bei LogPay Financial Services GmbH;Max Mustermann;PayPal (Europe) S.a.r.l. et Cie., S.C.A.;-3,00 €;10.954,86 €;
04.01.2022;04.01.2022;Lastschrift;_7728834974 PAYPALLU96ZZZ.PP . LogPay Financial Services GmbH, Ihr Einkauf bei LogPay Financial Services GmbH;Max Mustermann;PayPal (Europe) S.a.r.l. et Cie., S.C.A.;-3,00 €;10.957,86 €;
04.01.2022;04.01.2022;Lastschrift;_7710599526 PAYPALLU96ZZZ.PP . Apple Services, Ihr Einkauf bei Apple Services;Max Mustermann;PayPal (Europe) S.a.r.l. et Cie., S.C.A.;-3,99 €;10.960,86 €;
04.01.2022;04.01.2022;Lastschrift;_7728782796 PAYPALLU96ZZZ.PP . MILES Mobility GmbH, Ihr Einkauf bei MILES Mobility GmbH;Max Mustermann;PayPal (Europe) S.a.r.l. et Cie., S.C.A.;-3,65 €;10.964,85 €;
04.01.2022;04.01.2022;Lastschrift;_7710570833 PAYPALLU96ZZZ.PP . Apple Services, Ihr Einkauf bei Apple Services;Max Mustermann;PayPal (Europe) S.a.r.l. et Cie., S.C.A.;-3,99 €;10.968,50 €;
04.01.2022;04.01.2022;Lastschrift;_7710490252 PAYPALLU96ZZZ.PP . Apple Services, Ihr Einkauf bei Apple Services;Max Mustermann;PayPal (Europe) S.a.r.l. et Cie., S.C.A.;-3,99 €;10.972,49 €;
03.01.2022;04.01.2022;Überweisung;Rechnungsnummer: _, Kursname: Data Science Bootcamp, Batchnummer: DATA003, Campus Phase: 24.01.22- 11.02.22;Max Mustermann;WBS CODING SCHOOL;-800,00 €;10.976,48 €;
03.01.2022;04.01.2022;Überweisung;Kaution;Max Mustermann;Trang X;-265,98 €;11.776,48 €;
03.01.2022;03.01.2022;Lastschrift;Referenz NOTPROVIDEDM01-20180607-164912-650678Einreicher-ID DE-ANYONE _ 007003 A2DVEZ;Max Mustermann;Max Mustermann;-40,00 €;12.042,46 €;
03.01.2022;03.01.2022;Lastschrift;Referenz NOTPROVIDEDM01-20180607-164912-650678Einreicher-ID DEXXX-Max Mustermann _ 007001 593393;Max Mustermann;Max Mustermann;-250,00 €;12.082,46 €;
03.01.2022;03.01.2022;Kartenzahlung;Referenz VZ2112310358653012M045906Einreicher-ID DE37SCC00000040819SUMUP .PLIETS.H. - STEFA//BERLIN/DE2021-12-30T14:44:49Folgenr. 003 Verfalld. 2212;Max Mustermann;V PAY;-125,00 €;12.332,46 €;
03.01.2022;03.01.2022;Lastschrift;-;Max Mustermann;LSW Energie GmbH & Co. KG;-183,00 €;12.457,46 €;
03.01.2022;03.01.2022;Lastschrift;_7669527106 PAYPALLU96ZZZ.PP . MILES Mobility GmbH, Ihr Einkauf bei MILES Mobility GmbH;Max Mustermann;PayPal (Europe) S.a.r.l. et Cie., S.C.A.;-35,00 €;12.640,46 €;
03.01.2022;03.01.2022;Lastschrift;_7657940573 PAYPALLU96ZZZ.PP . Apple Services, Ihr Einkauf bei Apple Services;Max Mustermann;PayPal (Europe) S.a.r.l. et Cie., S.C.A.;-3,99 €;12.675,46 €;
03.01.2022;03.01.2022;Lastschrift;_7657994705 PAYPALLU96ZZZ.PP . Apple Services, Ihr Einkauf bei Apple Services;Max Mustermann;PayPal (Europe) S.a.r.l. et Cie., S.C.A.;-3,99 €;12.679,45 €;
03.01.2022;03.01.2022;Lastschrift;_7663298376 PAYPALLU96ZZZ.PP . MILES Mobility GmbH, Ihr Einkauf bei MILES Mobility GmbH;Max Mustermann;PayPal (Europe) S.a.r.l. et Cie., S.C.A.;-18,70 €;12.683,44 €;
03.01.2022;03.01.2022;Lastschrift;BAUSPARVERTRAG;Max Mustermann;ALTE LEIPZIGER BAUSPAR AG;-250,00 €;12.702,14 €;
03.01.2022;03.01.2022;Lastschrift;_7657980176 PAYPALLU96ZZZ.PP . Apple Services, Ihr Einkauf bei Apple Services;Max Mustermann;PayPal (Europe) S.a.r.l. et Cie., S.C.A.;-3,99 €;12.952,14 €;
03.01.2022;03.01.2022;Dauerauftrag;RUECKLAGEN;Max Mustermann;Max Mustermann;-50,00 €;12.956,13 €;
03.01.2022;03.01.2022;Dauerauftrag;MIETE FUER:HASENSTR. 1,7XXXX STUTTGART;Max Mustermann;W+I HAMMER;-860,00 €;13.006,13 €;
03.01.2022;03.01.2022;Dauerauftrag;URLAUB;Max Mustermann;Max Mustermann;-250,00 €;13.866,13 €;
03.01.2022;03.01.2022;Dauerauftrag;RENTE FÜR ELTERN;Max Mustermann;Max Mustermann;-10,00 €;14.116,13 €;
30.12.2021;30.12.2021;Dauergutschrift;Referenz NOTPROVIDEDVerwendungszweckMiete;Doris UnMi3;Max Mustermann;360,00 €;14.126,13 €;
30.12.2021;30.12.2021;Lastschrift;Referenz 410700072346M_-ID DE11ZZZ00000144980Kunde _, siehe Zahlungsavis (E-Mail);Max Mustermann;DEBLZ-SHARE NOW GMBH;-11,55 €;13.766,13 €;
30.12.2021;30.12.2021;Dauerauftrag;ETF-SPARPLAN;Max Mustermann;Max Mustermann;-250,00 €;13.777,68 €;
30.12.2021;30.12.2021;Dauerauftrag;DARLEHENSKONTONUMMER;Max Mustermann;BUNDESKASSE HALLE;-130,00 €;14.027,68 €;
29.12.2021;29.12.2021;Gutschrift;Bundesagentur für Arbeit-Service-Haus;Bundesagentur für Arbeit-Service-Haus;Max Mustermann;727,60 €;14.157,68 €;
29.12.2021;29.12.2021;Lastschrift;Referenz ZAA0102022265M_-ID _-Stuttgarter Strassenbahnen AG. Vielen Dank fuer Ihre Fahrt.;Max Mustermann;LOGPAY FINANCIAL SERVICES GMBH;-5,10 €;13.430,08 €;
28.12.2021;28.12.2021;Gehalt/Rente;ENTGELTUEBERWEISUNG 12.2021;mypegasus-Transfer-GmbH;Max Mustermann;3.134,22 €;13.435,18 €;
28.12.2021;28.12.2021;Kartenzahlung;086 HELLWEG SAGT DANKE;Max Mustermann;086 HELLWEG SAGT DANKE;-94,97 €;10.300,96 €;
28.12.2021;28.12.2021;Lastschrift;_7592122560 PAYPALLU96ZZZ.PP . Apple Services, Ihr Einkauf bei Apple Services;Max Mustermann;PayPal (Europe) S.a.r.l. et Cie., S.C.A.;-0,99 €;10.395,93 €;
28.12.2021;28.12.2021;Lastschrift;_7595583983 PAYPALLU96ZZZ.PP . UMI Urban Mobility International GmbH, Ihr Einkauf bei UMI Urban Mobility International GmbH;Max Mustermann;PayPal (Europe) S.a.r.l. et Cie., S.C.A.;-8,83 €;10.396,92 €;
27.12.2021;27.12.2021;Dauergutschrift;Referenz _VerwendungszweckMiete;Meine Partnerin;Max Mustermann;483,44 €;10.405,75 €;
27.12.2021;27.12.2021;Lastschrift;Deutsche Post AG;Max Mustermann;Deutsche Post AG;-2,40 €;9.922,31 €;
27.12.2021;27.12.2021;Lastschrift;_7566753153 PAYPALLU96ZZZ.PP . Voi Technology GermanyGmbH, Ihr Einkauf bei Voi Technology Germany GmbH;Max Mustermann;PayPal (Europe) S.a.r.l. et Cie., S.C.A.;-1,06 €;9.924,71 €;
27.12.2021;27.12.2021;Lastschrift;Referenz 410600118428M_-ID DE11ZZZ00000144980Kunde _, siehe Zahlungsavis (E-Mail);Max Mustermann;DEBLZ-SHARE NOW GMBH;-19,20 €;9.925,77 €;
27.12.2021;27.12.2021;Lastschrift;Referenz Beleg: 311008698828M_ 290600204/Mustermann/ENERGIELIEFERUNG;Max Mustermann;Suewag Vertrieb AG CO.KG;-65,00 €;9.944,97 €;
27.12.2021;27.12.2021;Lastschrift;Referenz Beleg: 311008698827M_ _/Mustermann/ENERGIELIEFERUNG;Max Mustermann;Suewag Vertrieb AG CO.KG;-50,00 €;10.009,97 €;
27.12.2021;27.12.2021;Lastschrift;_7561882105 PAYPALLU96ZZZ.PP . Apple Services, Ihr Einkauf bei Apple Services;Max Mustermann;PayPal (Europe) S.a.r.l. et Cie., S.C.A.;-3,99 €;10.059,97 €;
27.12.2021;27.12.2021;Lastschrift;_7561793484 PAYPALLU96ZZZ.PP . Apple Services, Ihr Einkauf bei Apple Services;Max Mustermann;PayPal (Europe) S.a.r.l. et Cie., S.C.A.;-5,99 €;10.063,96 €;
27.12.2021;27.12.2021;Lastschrift;Referenz 411300048256M_-ID DE11ZZZ00000144980Kunde _, siehe Zahlungsavis (E-Mail);Max Mustermann;DEBLZ-SHARE NOW GMBH;-3,63 €;10.069,95 €;
23.12.2021;23.12.2021;Lastschrift;DRK GENERALSEKRETARIAT;Max Mustermann;DRK GENERALSEKRETARIAT;-20,00 €;10.073,58 €;
22.12.2021;22.12.2021;Lastschrift;Referenz ZAA0101748073M_-ID _-Stuttgarter Strassenbahnen AG. Vielen Dank fuer Ihre Fahrt.;Max Mustermann;LOGPAY FINANCIAL SERVICES GMBH;-3,02 €;10.093,58 €;
22.12.2021;22.12.2021;Lastschrift;Referenz ZAA0101685020M_-ID _-Stuttgarter Strassenbahnen AG. Vielen Dank fuer Ihre Fahrt.;Max Mustermann;LOGPAY FINANCIAL SERVICES GMBH;-2,55 €;10.096,60 €;
21.12.2021;21.12.2021;Kartenzahlung;DEUTSCHE POST AG;Max Mustermann;DEUTSCHE POST AG;-7,49 €;10.099,15 €;
21.12.2021;21.12.2021;Lastschrift;_7477267550 Paypal-ID _. Nintendo, Ihr Einkauf bei Nintendo;Max Mustermann;PayPal (Europe) S.a.r.l. et Cie., S.C.A.;-24,99 €;10.106,64 €;
21.12.2021;21.12.2021;Lastschrift;_7468413428 PAYPALLU96ZZZ.PP . Apple Services, Ihr Einkauf bei Apple Services;Max Mustermann;PayPal (Europe) S.a.r.l. et Cie., S.C.A.;-0,99 €;10.131,63 €;
21.12.2021;21.12.2021;Lastschrift;Referenz ZAA0101622422M_-ID _-Stuttgarter Strassenbahnen AG. Vielen Dank fuer Ihre Fahrt.;Max Mustermann;LOGPAY FINANCIAL SERVICES GMBH;-5,10 €;10.132,62 €;
21.12.2021;21.12.2021;Lastschrift;_7452428100 PAYPALLU96ZZZ.PP . Apple Services, Ihr Einkauf bei Apple Services;Max Mustermann;PayPal (Europe) S.a.r.l. et Cie., S.C.A.;-7,99 €;10.137,72 €;
21.12.2021;21.12.2021;Lastschrift;_7452296363 PAYPALLU96ZZZ.PP . Apple Services, Ihr Einkauf bei Apple Services;Max Mustermann;PayPal (Europe) S.a.r.l. et Cie., S.C.A.;-3,99 €;10.145,71 €;
20.12.2021;20.12.2021;Lastschrift;_7445029635 PAYPALLU96ZZZ.PP . Apple Services, Ihr Einkauf bei Apple Services;Max Mustermann;PayPal (Europe) S.a.r.l. et Cie., S.C.A.;-3,99 €;10.149,70 €;
20.12.2021;20.12.2021;Lastschrift;_7445468121 PAYPALLU96ZZZ.PP . Apple Services, Ihr Einkauf bei Apple Services;Max Mustermann;PayPal (Europe) S.a.r.l. et Cie., S.C.A.;-9,98 €;10.153,69 €;
20.12.2021;20.12.2021;Lastschrift;_7445010398 PAYPALLU96ZZZ.PP . Apple Services, Ihr Einkauf bei Apple Services;Max Mustermann;PayPal (Europe) S.a.r.l. et Cie., S.C.A.;-3,99 €;10.163,67 €;
20.12.2021;20.12.2021;Lastschrift;_7444953416 PAYPALLU96ZZZ.PP . Apple Services, Ihr Einkauf bei Apple Services;Max Mustermann;PayPal (Europe) S.a.r.l. et Cie., S.C.A.;-3,99 €;10.167,66 €;
20.12.2021;20.12.2021;Lastschrift;_7445018027 PAYPALLU96ZZZ.PP . Apple Services, Ihr Einkauf bei Apple Services;Max Mustermann;PayPal (Europe) S.a.r.l. et Cie., S.C.A.;-3,99 €;10.171,65 €;
17.12.2021;17.12.2021;Lastschrift;Referenz NOTPROVIDEDM_ U446305286 B523987889 SIMply Rechnung;Max Mustermann;Drillisch Online GmbH;-12,49 €;10.175,64 €;
16.12.2021;16.12.2021;Lastschrift;Referenz RECHNR. 100856456754M_-ID DE20KD00000005829412/2021 K-NR. _ Ihre Rechnung online bei www.vodafone.de/meinkabel;Max Mustermann;Vodafone Deutschland GmbH;-29,99 €;10.188,13 €;
15.12.2021;15.12.2021;Gutschrift;Referenz NOTPROVIDEDMiete Dezember Erica UnMi2;ERICA UnMi2;Max Mustermann;410,00 €;10.218,12 €;
15.12.2021;15.12.2021;Lastschrift;_7369940149 PAYPALLU96ZZZ.PP . Apple Services, Ihr Einkauf bei Apple Services;Max Mustermann;PayPal (Europe) S.a.r.l. et Cie., S.C.A.;-89,99 €;9.808,12 €;
15.12.2021;15.12.2021;Lastschrift;_7380290822 PAYPALLU96ZZZ.PP . Apple Services, Ihr Einkauf bei Apple Services;Max Mustermann;PayPal (Europe) S.a.r.l. et Cie., S.C.A.;-12,99 €;9.898,11 €;
14.12.2021;14.12.2021;Lastschrift;_7369786947 PAYPALLU96ZZZ.PP . Apple Services, Ihr Einkauf bei Apple Services;Max Mustermann;PayPal (Europe) S.a.r.l. et Cie., S.C.A.;-3,99 €;9.911,10 €;
14.12.2021;14.12.2021;Lastschrift;_7369807478 PAYPALLU96ZZZ.PP . Apple Services, Ihr Einkauf bei Apple Services;Max Mustermann;PayPal (Europe) S.a.r.l. et Cie., S.C.A.;-3,99 €;9.915,09 €;
14.12.2021;14.12.2021;Lastschrift;_7369884163 PAYPALLU96ZZZ.PP . Apple Services, Ihr Einkauf bei Apple Services;Max Mustermann;PayPal (Europe) S.a.r.l. et Cie., S.C.A.;-3,99 €;9.919,08 €;
14.12.2021;14.12.2021;Lastschrift;_7369770566 PAYPALLU96ZZZ.PP . Apple Services, Ihr Einkauf bei Apple Services;Max Mustermann;PayPal (Europe) S.a.r.l. et Cie., S.C.A.;-3,99 €;9.923,07 €;
14.12.2021;14.12.2021;Lastschrift;_7320691063 PAYPALLU96ZZZ.PP . Takeaway.com PaymentsB.V., Ihr Einkauf bei Takeaway.comPayments B.V.;Max Mustermann;PayPal (Europe) S.a.r.l. et Cie., S.C.A.;-1,70 €;9.927,06 €;
14.12.2021;14.12.2021;Lastschrift;_7322208705 PAYPALLU96ZZZ.PP . Takeaway.com PaymentsB.V., Ihr Einkauf bei Takeaway.comPayments B.V.;Max Mustermann;PayPal (Europe) S.a.r.l. et Cie., S.C.A.;-18,04 €;9.928,76 €;
14.12.2021;14.12.2021;Lastschrift;_7369811277 PAYPALLU96ZZZ.PP . Apple Services, Ihr Einkauf bei Apple Services;Max Mustermann;PayPal (Europe) S.a.r.l. et Cie., S.C.A.;-3,99 €;9.946,80 €;
14.12.2021;14.12.2021;Lastschrift;_7320682255 PAYPALLU96ZZZ.PP . Takeaway.com PaymentsB.V., Ihr Einkauf bei Takeaway.comPayments B.V.;Max Mustermann;PayPal (Europe) S.a.r.l. et Cie., S.C.A.;-34,00 €;9.950,79 €;
14.12.2021;14.12.2021;Lastschrift;Referenz 1XBYQX42B43DLM4PMkE.7(Q2,_+_.4Einreicher-ID DE24ZZZ00000561652304-2003815-1560365 Amazon.de 1XBYQX42B43DLM4P;Max Mustermann;AMAZON EU S.A R.L., NIEDERLASSUNG DEUTSCHLAND;-47,90 €;9.984,79 €;
13.12.2021;13.12.2021;Lastschrift;Referenz 3IVRZO9VEEU3J58RMkE.7(Q2,_+_.4Einreicher-ID DE24ZZZ00000561652304-5468802-7088347 Amazon.de 3IVRZO9VEEU3J58R;Max Mustermann;AMAZON EU S.A R.L., NIEDERLASSUNG DEUTSCHLAND;-9,25 €;10.032,69 €;
13.12.2021;13.12.2021;Lastschrift;_7311885923 PAYPALLU96ZZZ.PP . iTunes and App Store,Ihr Einkauf bei iTunes and App Store;Max Mustermann;PayPal (Europe) S.a.r.l. et Cie., S.C.A.;-4,99 €;10.041,94 €;
10.12.2021;10.12.2021;Lastschrift;Referenz 36TA8V6QHCJE7W1VMkE.7(Q2,_+_.4Einreicher-ID _-3388775-3033910 AMZN Mktp DE 36TA8V6QHCJE7W1V;Max Mustermann;AMAZON PAYMENTS EUROPE S.C.A.;-45,98 €;10.046,93 €;
10.12.2021;10.12.2021;Lastschrift;_7281316671 PAYPALLU96ZZZ.PP . DB Vertrieb GmbH, IhrEinkauf bei DB Vertrieb GmbH;Max Mustermann;PayPal (Europe) S.a.r.l. et Cie., S.C.A.;-65,80 €;10.092,91 €;
09.12.2021;09.12.2021;Lastschrift;_7254297730 Paypal-ID _. CHECK24 Vergleichsportal ShoppingGmbH, Ihr Einkauf bei CHECK24 Vergleichsportal Shopping GmbH;Max Mustermann;PayPal (Europe) S.a.r.l. et Cie., S.C.A.;-70,94 €;10.158,71 €;
09.12.2021;09.12.2021;Lastschrift;Referenz 5YJGJYHXTPZCBH7AMkE.7(Q2,_+_.4Einreicher-ID _-7379350-5452335 AMZN Mktp DE 5YJGJYHXTPZCBH7A;Max Mustermann;AMAZON PAYMENTS EUROPE S.C.A.;-7,99 €;10.229,65 €;
09.12.2021;09.12.2021;Lastschrift;Referenz 3FVTMYYLZ41B2B9EMkE.7(Q2,_+_.4Einreicher-ID _-7379350-5452335 AMZN Mktp DE 3FVTMYYLZ41B2B9E;Max Mustermann;AMAZON PAYMENTS EUROPE S.C.A.;-7,99 €;10.237,64 €;
09.12.2021;09.12.2021;Lastschrift;Referenz 7D8JBUUFUKIMPZVBMkE.7(Q2,_+_.4Einreicher-ID _-1755791-1953146 AMZN Mktp DE 7D8JBUUFUKIMPZVB;Max Mustermann;AMAZON PAYMENTS EUROPE S.C.A.;-10,99 €;10.245,63 €;
08.12.2021;08.12.2021;Lastschrift;Referenz 3GO6RK303TGYC5UWMkE.7(Q2,_+_.4Einreicher-ID _-1755791-1953146 AMZN Mktp DE 3GO6RK303TGYC5UW;Max Mustermann;AMAZON PAYMENTS EUROPE S.C.A.;-159,00 €;10.256,62 €;
08.12.2021;08.12.2021;Lastschrift;Referenz 6I1MFXGE6VKCA0ANMkE.7(Q2,_+_.4Einreicher-ID _-5357371-6977923 AMZN Mktp DE 6I1MFXGE6VKCA0AN;Max Mustermann;AMAZON PAYMENTS EUROPE S.C.A.;-5,09 €;10.415,62 €;
07.12.2021;07.12.2021;Lastschrift;_7232066441 Paypal-ID _. CinemaxX Entertainment GmbH & Co.KG, Ihr Einkauf bei CinemaxX Entertainment GmbH & Co. KG;Max Mustermann;PayPal (Europe) S.a.r.l. et Cie., S.C.A.;-21,98 €;10.420,71 €;
07.12.2021;07.12.2021;Lastschrift;_7220202766 PAYPALLU96ZZZ.PP . Takeaway.com PaymentsB.V., Ihr Einkauf bei Takeaway.comPayments B.V.;Max Mustermann;PayPal (Europe) S.a.r.l. et Cie., S.C.A.;-30,47 €;10.442,69 €;
07.12.2021;07.12.2021;Dauerauftrag;MONATSBUDGET FÜR ALLTÄGLICHES;Max Mustermann;Max Mustermann;-400,00 €;10.473,16 €;
06.12.2021;06.12.2021;Gutschrift;Referenz NOT PROVIDEDMIETE DEZEMBER 2021;MARIA GONZALEZ UnMi1;Max Mustermann;385,00 €;10.873,16 €;
06.12.2021;06.12.2021;Dauergutschrift;Referenz NOTPROVIDEDVerwendungszweckKommando zurueck;Max Mustermann;Max Mustermann;250,00 €;10.488,16 €;
03.12.2021;03.12.2021;Gutschrift;Referenz _gemaess Angebot v. 18.11.2021 bzgl. BGH-Urteil v 27.04.21abweichender AuftraggeberMax Mustermann;Landesbank BW;Max Mustermann;22,33 €;10.238,16 €;
03.12.2021;03.12.2021;Lastschrift;_7131411257 PAYPALLU96ZZZ.PP . iTunes and App Store,Ihr Einkauf bei iTunes and App Store;Max Mustermann;PayPal (Europe) S.a.r.l. et Cie., S.C.A.;-3,99 €;10.215,83 €;
03.12.2021;03.12.2021;Lastschrift;_7131395242 PAYPALLU96ZZZ.PP . iTunes and App Store,Ihr Einkauf bei iTunes and App Store;Max Mustermann;PayPal (Europe) S.a.r.l. et Cie., S.C.A.;-3,99 €;10.219,82 €;
03.12.2021;03.12.2021;Lastschrift;_7131389611 PAYPALLU96ZZZ.PP . iTunes and App Store,Ihr Einkauf bei iTunes and App Store;Max Mustermann;PayPal (Europe) S.a.r.l. et Cie., S.C.A.;-3,99 €;10.223,81 €;
03.12.2021;03.12.2021;Lastschrift;_7131474787 PAYPALLU96ZZZ.PP . iTunes and App Store,Ihr Einkauf bei iTunes and App Store;Max Mustermann;PayPal (Europe) S.a.r.l. et Cie., S.C.A.;-3,99 €;10.227,80 €;
03.12.2021;03.12.2021;Lastschrift;_7131369780 PAYPALLU96ZZZ.PP . iTunes and App Store,Ihr Einkauf bei iTunes and App Store;Max Mustermann;PayPal (Europe) S.a.r.l. et Cie., S.C.A.;-3,99 €;10.231,79 €;
03.12.2021;03.12.2021;Lastschrift;_7131354096 PAYPALLU96ZZZ.PP . iTunes and App Store,Ihr Einkauf bei iTunes and App Store;Max Mustermann;PayPal (Europe) S.a.r.l. et Cie., S.C.A.;-3,99 €;10.235,78 €;
02.12.2021;02.12.2021;Lastschrift;Referenz Kd.nr. _ 2000/_/001Einreicher-ID _ vom 02.12.2021;Max Mustermann;NEULAND Wohnungsgesellschaft mbH;-496,41 €;10.239,77 €;
02.12.2021;02.12.2021;Lastschrift;BUHL-DATA-SERVICE GMBH;Max Mustermann;BUHL-DATA-SERVICE GMBH;-29,95 €;10.736,18 €;
02.12.2021;02.12.2021;Dauerauftrag;MIETE FUER:HASENSTR. 1,7XXXX STUTTGART;Max Mustermann;W+I HAMMER;-840,00 €;10.766,13 €;
01.12.2021;01.12.2021;Lastschrift;Referenz NOTPROVIDEDM01-20180607-164912-650678Einreicher-ID DE-ANYONE _ 007003 A2DVEZ;Max Mustermann;Max Mustermann;-40,00 €;11.606,13 €;
01.12.2021;01.12.2021;Lastschrift;Referenz NOTPROVIDEDM01-20180607-164912-650678Einreicher-ID DEXXX-Max Mustermann _ 007002 A0RPWH;Max Mustermann;Max Mustermann;-250,00 €;11.646,13 €;
01.12.2021;01.12.2021;Lastschrift;-;Max Mustermann;LSW Energie GmbH & Co. KG;-183,00 €;11.896,13 €;
01.12.2021;01.12.2021;Lastschrift;BAUSPARVERTRAG;Max Mustermann;ALTE LEIPZIGER BAUSPAR AG;-250,00 €;12.079,13 €;
01.12.2021;01.12.2021;Dauerauftrag;RUECKLAGEN;Max Mustermann;Max Mustermann;-50,00 €;12.329,13 €;
01.12.2021;01.12.2021;Dauerauftrag;URLAUB;Max Mustermann;Max Mustermann;-250,00 €;12.379,13 €;
01.12.2021;01.12.2021;Dauerauftrag;RENTE FÜR ELTERN;Max Mustermann;Max Mustermann;-10,00 €;12.629,13 €;
30.11.2021;30.11.2021;Dauergutschrift;Referenz NOTPROVIDEDVerwendungszweckMiete;Doris UnMi3;Max Mustermann;360,00 €;12.639,13 €;
30.11.2021;30.11.2021;Lastschrift;_7030092817 PAYPALLU96ZZZ.PP . Takeaway.com PaymentsB.V., Ihr Einkauf bei Takeaway.comPayments B.V.;Max Mustermann;PayPal (Europe) S.a.r.l. et Cie., S.C.A.;-2,01 €;12.279,13 €;
30.11.2021;30.11.2021;Lastschrift;_7030095371 PAYPALLU96ZZZ.PP . Takeaway.com PaymentsB.V., Ihr Einkauf bei Takeaway.comPayments B.V.;Max Mustermann;PayPal (Europe) S.a.r.l. et Cie., S.C.A.;-40,10 €;12.281,14 €;
30.11.2021;30.11.2021;Lastschrift;_7021652205 PAYPALLU96ZZZ.PP . iTunes and App Store,Ihr Einkauf bei iTunes and App Store;Max Mustermann;PayPal (Europe) S.a.r.l. et Cie., S.C.A.;-3,99 €;12.321,24 €;
30.11.2021;30.11.2021;Dauerauftrag;ETF-SPARPLAN;Max Mustermann;Max Mustermann;-250,00 €;12.325,23 €;
30.11.2021;30.11.2021;Dauerauftrag;DARLEHENSKONTONUMMER;Max Mustermann;BUNDESKASSE HALLE;-130,00 €;12.575,23 €;
29.11.2021;29.11.2021;Lastschrift;DRK GENERALSEKRETARIAT;Max Mustermann;DRK GENERALSEKRETARIAT;-20,00 €;12.705,23 €;
29.11.2021;29.11.2021;Überweisung;93222-748829-61A36233-CE21 Masoud Ghorbani-Farid Beste;Max Mustermann;Stichting Mollie Payments;-45,35 €;12.725,23 €;
26.11.2021;26.11.2021;Gehalt/Rente;LOHN / GEHALT 11/21;YAZAKI EUROPE LTD. ZWEIGNIEDERLASSUNG KOELN;Max Mustermann;548,46 €;12.770,58 €;
26.11.2021;26.11.2021;Gutschrift;ENTGELTUEBERWEISUNG 11.2021;mypegasus-Transfer-GmbH;Max Mustermann;3.185,56 €;12.222,12 €;
26.11.2021;26.11.2021;Überweisung;2114130048922, Schluessel: 09019 -Pauschale f. Videokonferenzverbindung;Max Mustermann;Landesoberkasse Baden-Württemberg;-9,25 €;9.036,56 €;
26.11.2021;26.11.2021;Lastschrift;_7002498587 PAYPALLU96ZZZ.PP . iTunes and App Store,Ihr Einkauf bei iTunes and App Store;Max Mustermann;PayPal (Europe) S.a.r.l. et Cie., S.C.A.;-0,99 €;9.045,81 €;
26.11.2021;26.11.2021;Lastschrift;_6989439371 PAYPALLU96ZZZ.PP . iTunes and App Store,Ihr Einkauf bei iTunes and App Store;Max Mustermann;PayPal (Europe) S.a.r.l. et Cie., S.C.A.;-7,99 €;9.046,80 €;
26.11.2021;26.11.2021;Lastschrift;Deutsche Post AG;Max Mustermann;Deutsche Post AG;-3,75 €;9.054,79 €;
25.11.2021;25.11.2021;Dauergutschrift;Referenz _VerwendungszweckMiete;Meine Partnerin;Max Mustermann;473,44 €;9.058,54 €;
25.11.2021;25.11.2021;Lastschrift;_6983277669 Paypal-ID _. REWE Markt GmbH, Ihr Einkauf beiREWE Markt GmbH;Max Mustermann;PayPal (Europe) S.a.r.l. et Cie., S.C.A.;-36,41 €;8.585,10 €;
25.11.2021;25.11.2021;Lastschrift;Referenz Beleg: 330014569163M_ _/Mustermann/ENERGIELIEFERUNG;Max Mustermann;Suewag Vertrieb AG CO.KG;-50,00 €;8.621,51 €;
25.11.2021;25.11.2021;Lastschrift;Referenz Beleg: 330014569164M_ 290600204/Mustermann/ENERGIELIEFERUNG;Max Mustermann;Suewag Vertrieb AG CO.KG;-65,00 €;8.671,51 €;
24.11.2021;25.11.2021;Überweisung;IdNr. x123456789, Steuernummer 95380.34397, Vorauszahlung fuer 10. Dez 2021;Max Mustermann;Dt. Bundesbank Fil. Stuttgart;-1.059,00 €;8.736,51 €;
24.11.2021;24.11.2021;Lastschrift;_6961931073 PAYPALLU96ZZZ.PP . iTunes and App Store,Ihr Einkauf bei iTunes and App Store;Max Mustermann;PayPal (Europe) S.a.r.l. et Cie., S.C.A.;-14,99 €;9.795,51 €;
23.11.2021;23.11.2021;Lastschrift;_6902408673 PAYPALLU96ZZZ.PP . Takeaway.com PaymentsB.V., Ihr Einkauf bei Takeaway.comPayments B.V.;Max Mustermann;PayPal (Europe) S.a.r.l. et Cie., S.C.A.;-2,00 €;9.810,50 €;
23.11.2021;23.11.2021;Lastschrift;_6902415055 PAYPALLU96ZZZ.PP . Takeaway.com PaymentsB.V., Ihr Einkauf bei Takeaway.comPayments B.V.;Max Mustermann;PayPal (Europe) S.a.r.l. et Cie., S.C.A.;-39,93 €;9.812,50 €;
19.11.2021;19.11.2021;Überweisung;Az 355/21K02, D5832-21, Schadennr.2021-00024773.6;Max Mustermann;Rechtsanwaltskanzlei Randow et al.;-150,00 €;9.852,43 €;
19.11.2021;19.11.2021;Lastschrift;_6870535668 PAYPALLU96ZZZ.PP . iTunes and App Store,Ihr Einkauf bei iTunes and App Store;Max Mustermann;PayPal (Europe) S.a.r.l. et Cie., S.C.A.;-3,99 €;10.002,43 €;
19.11.2021;19.11.2021;Lastschrift;_6873496982 PAYPALLU96ZZZ.PP . iTunes and App Store,Ihr Einkauf bei iTunes and App Store;Max Mustermann;PayPal (Europe) S.a.r.l. et Cie., S.C.A.;-0,99 €;10.006,42 €;
19.11.2021;19.11.2021;Lastschrift;_6870479545 PAYPALLU96ZZZ.PP . iTunes and App Store,Ihr Einkauf bei iTunes and App Store;Max Mustermann;PayPal (Europe) S.a.r.l. et Cie., S.C.A.;-3,99 €;10.007,41 €;
19.11.2021;19.11.2021;Lastschrift;_6870598667 PAYPALLU96ZZZ.PP . iTunes and App Store,Ihr Einkauf bei iTunes and App Store;Max Mustermann;PayPal (Europe) S.a.r.l. et Cie., S.C.A.;-3,99 €;10.011,40 €;
18.11.2021;18.11.2021;Lastschrift;_6856833784 PAYPALLU96ZZZ.PP . iTunes and App Store,Ihr Einkauf bei iTunes and App Store;Max Mustermann;PayPal (Europe) S.a.r.l. et Cie., S.C.A.;-14,99 €;10.015,39 €;
18.11.2021;18.11.2021;Lastschrift;Referenz NOTPROVIDEDM_ U440501586 B512808451 SIMply Rechnung;Max Mustermann;Drillisch Online GmbH;-12,49 €;10.030,38 €;
18.11.2021;18.11.2021;Lastschrift;_6847359853 PAYPALLU96ZZZ.PP . iTunes and App Store,Ihr Einkauf bei iTunes and App Store;Max Mustermann;PayPal (Europe) S.a.r.l. et Cie., S.C.A.;-3,99 €;10.042,87 €;
18.11.2021;18.11.2021;Lastschrift;_6847364041 PAYPALLU96ZZZ.PP . iTunes and App Store,Ihr Einkauf bei iTunes and App Store;Max Mustermann;PayPal (Europe) S.a.r.l. et Cie., S.C.A.;-3,99 €;10.046,86 €;
17.11.2021;17.11.2021;Überweisung;;Max Mustermann;Max Mustermann;-1.000,00 €;10.050,85 €;
17.11.2021;17.11.2021;Lastschrift;Referenz RECHNR. 100849388056M_-ID DE20KD00000005829411/2021 K-NR. _ Ihre Rechnung online bei www.vodafone.de/meinkabel;Max Mustermann;Vodafone Deutschland GmbH;-29,99 €;11.050,85 €;
17.11.2021;17.11.2021;Lastschrift;_6831027857 PAYPALLU96ZZZ.PP . posterXXL GmbH, Ihr Einkauf bei posterXXL GmbH;Max Mustermann;PayPal (Europe) S.a.r.l. et Cie., S.C.A.;-25,98 €;11.080,84 €;
16.11.2021;16.11.2021;Lastschrift;_6792525468 PAYPALLU96ZZZ.PP . Takeaway.com PaymentsB.V., Ihr Einkauf bei Takeaway.comPayments B.V.;Max Mustermann;PayPal (Europe) S.a.r.l. et Cie., S.C.A.;-1,32 €;11.106,82 €;
16.11.2021;16.11.2021;Lastschrift;_6821372591 PAYPALLU96ZZZ.PP . iTunes and App Store,Ihr Einkauf bei iTunes and App Store;Max Mustermann;PayPal (Europe) S.a.r.l. et Cie., S.C.A.;-3,99 €;11.108,14 €;
16.11.2021;16.11.2021;Lastschrift;_6792518454 PAYPALLU96ZZZ.PP . Takeaway.com PaymentsB.V., Ihr Einkauf bei Takeaway.comPayments B.V.;Max Mustermann;PayPal (Europe) S.a.r.l. et Cie., S.C.A.;-26,48 €;11.112,13 €;
15.11.2021;15.11.2021;Lastschrift;_6762410074 PAYPALLU96ZZZ.PP . iTunes and App Store,Ihr Einkauf bei iTunes and App Store;Max Mustermann;PayPal (Europe) S.a.r.l. et Cie., S.C.A.;-1,29 €;11.138,61 €;
15.11.2021;15.11.2021;Lastschrift;_6768412552 PAYPALLU96ZZZ.PP . iTunes and App Store,Ihr Einkauf bei iTunes and App Store;Max Mustermann;PayPal (Europe) S.a.r.l. et Cie., S.C.A.;-3,99 €;11.139,90 €;
15.11.2021;15.11.2021;Lastschrift;_6762352351 PAYPALLU96ZZZ.PP . iTunes and App Store,Ihr Einkauf bei iTunes and App Store;Max Mustermann;PayPal (Europe) S.a.r.l. et Cie., S.C.A.;-1,29 €;11.143,89 €;
15.11.2021;15.11.2021;Lastschrift;_6762425440 PAYPALLU96ZZZ.PP . iTunes and App Store,Ihr Einkauf bei iTunes and App Store;Max Mustermann;PayPal (Europe) S.a.r.l. et Cie., S.C.A.;-1,29 €;11.145,18 €;
15.11.2021;15.11.2021;Lastschrift;_6768510045 PAYPALLU96ZZZ.PP . iTunes and App Store,Ihr Einkauf bei iTunes and App Store;Max Mustermann;PayPal (Europe) S.a.r.l. et Cie., S.C.A.;-3,99 €;11.146,47 €;
15.11.2021;15.11.2021;Lastschrift;_6768506457 PAYPALLU96ZZZ.PP . iTunes and App Store,Ihr Einkauf bei iTunes and App Store;Max Mustermann;PayPal (Europe) S.a.r.l. et Cie., S.C.A.;-3,99 €;11.150,46 €;
15.11.2021;15.11.2021;Lastschrift;_6768482110 PAYPALLU96ZZZ.PP . iTunes and App Store,Ihr Einkauf bei iTunes and App Store;Max Mustermann;PayPal (Europe) S.a.r.l. et Cie., S.C.A.;-4,99 €;11.154,45 €;
15.11.2021;15.11.2021;Lastschrift;_6768436744 PAYPALLU96ZZZ.PP . iTunes and App Store,Ihr Einkauf bei iTunes and App Store;Max Mustermann;PayPal (Europe) S.a.r.l. et Cie., S.C.A.;-3,99 €;11.159,44 €;
15.11.2021;15.11.2021;Lastschrift;_6768440166 PAYPALLU96ZZZ.PP . iTunes and App Store,Ihr Einkauf bei iTunes and App Store;Max Mustermann;PayPal (Europe) S.a.r.l. et Cie., S.C.A.;-3,99 €;11.163,43 €;
15.11.2021;15.11.2021;Lastschrift;_6762364373 PAYPALLU96ZZZ.PP . iTunes and App Store,Ihr Einkauf bei iTunes and App Store;Max Mustermann;PayPal (Europe) S.a.r.l. et Cie., S.C.A.;-1,29 €;11.167,42 €;
12.11.2021;12.11.2021;Lastschrift;_6736529304 CinemaxX Entertainment GmbH & Co. KG;Max Mustermann;PayPal (Europe) S.a.r.l. et Cie., S.C.A.;-21,98 €;11.168,71 €;
09.11.2021;09.11.2021;Lastschrift;_6670566506 PAYPALLU96ZZZ.PP . Takeaway.com PaymentsB.V., Ihr Einkauf bei Takeaway.comPayments B.V.;Max Mustermann;PayPal (Europe) S.a.r.l. et Cie., S.C.A.;-37,99 €;11.190,69 €;
09.11.2021;09.11.2021;Lastschrift;_6670577229 PAYPALLU96ZZZ.PP . Takeaway.com PaymentsB.V., Ihr Einkauf bei Takeaway.comPayments B.V.;Max Mustermann;PayPal (Europe) S.a.r.l. et Cie., S.C.A.;-1,73 €;11.228,68 €;
09.11.2021;09.11.2021;Lastschrift;_6695440298 PAYPALLU96ZZZ.PP . iTunes and App Store,Ihr Einkauf bei iTunes and App Store;Max Mustermann;PayPal (Europe) S.a.r.l. et Cie., S.C.A.;-3,99 €;11.230,41 €;
08.11.2021;08.11.2021;Kartenzahlung;Referenz 59081074230838061121185430M150492Einreicher-ID DE39DBV00000002177DB AUTOMAT//HEIDELBERG HBF/DETerminal 590810742021-11-06T18:54:30Folgenr. 03 Verfalld. 2212;Max Mustermann;DB Vertrieb GmbH;-64,70 €;11.234,40 €;
08.11.2021;08.11.2021;Lastschrift;_6630990782 PAYPALLU96ZZZ.PP . iTunes and App Store,Ihr Einkauf bei iTunes and App Store;Max Mustermann;PayPal (Europe) S.a.r.l. et Cie., S.C.A.;-3,99 €;11.299,10 €;
05.11.2021;05.11.2021;Dauergutschrift;Referenz NOTPROVIDEDVerwendungszweckKommando zurueck;Max Mustermann;Max Mustermann;250,00 €;11.303,09 €;
05.11.2021;05.11.2021;Lastschrift;_6612274394 PAYPALLU96ZZZ.PP . DB Vertrieb GmbH, IhrEinkauf bei DB Vertrieb GmbH;Max Mustermann;PayPal (Europe) S.a.r.l. et Cie., S.C.A.;-26,80 €;11.053,09 €;
05.11.2021;05.11.2021;Lastschrift;_6609180386 PAYPALLU96ZZZ.PP . DB Vertrieb GmbH, IhrEinkauf bei DB Vertrieb GmbH;Max Mustermann;PayPal (Europe) S.a.r.l. et Cie., S.C.A.;-36,10 €;11.079,89 €;
05.11.2021;05.11.2021;Dauerauftrag;MONATSBUDGET FÜR ALLTÄGLICHES;Max Mustermann;Max Mustermann;-400,00 €;11.115,99 €;
04.11.2021;04.11.2021;Gutschrift;Referenz NOT PROVIDEDMIETE NOVEMBER 2021;MARIA GONZALEZ UnMi1;Max Mustermann;385,00 €;11.515,99 €;
04.11.2021;04.11.2021;Lastschrift;_6589267029 PAYPALLU96ZZZ.PP . iTunes and App Store,Ihr Einkauf bei iTunes and App Store;Max Mustermann;PayPal (Europe) S.a.r.l. et Cie., S.C.A.;-3,99 €;11.130,99 €;
04.11.2021;04.11.2021;Lastschrift;_6589131120 PAYPALLU96ZZZ.PP . iTunes and App Store,Ihr Einkauf bei iTunes and App Store;Max Mustermann;PayPal (Europe) S.a.r.l. et Cie., S.C.A.;-3,99 €;11.134,98 €;
04.11.2021;04.11.2021;Lastschrift;Referenz Kontoauflösungabweichender AuftraggeberMax Mustermann;Max Mustermann;Max Mustermann;-18,06 €;11.138,97 €;
04.11.2021;04.11.2021;Lastschrift;Referenz 1NKCD6MJAPI07YN3MkE.7(Q2,_+_.4Einreicher-ID DEX-5140386-8224337 AMZN Mktp DE 1NKCD6MJAPI07YN3;Max Mustermann;AMAZON PAYMENTS EUROPE S.C.A.;-15,98 €;11.157,03 €;
03.11.2021;03.11.2021;Gutschrift;Referenz Gutschrift BAUHAUS E-Bus. GmbHCo KG;BAHAG AG;Max Mustermann;209,99 €;11.173,01 €;
03.11.2021;03.11.2021;Gutschrift;Referenz NOTPROVIDEDMiete November Erica UnMi2;ERICA UnMi2;Max Mustermann;410,00 €;10.963,02 €;
03.11.2021;03.11.2021;Lastschrift;_6563868706 PAYPALLU96ZZZ.PP . iTunes and App Store,Ihr Einkauf bei iTunes and App Store;Max Mustermann;PayPal (Europe) S.a.r.l. et Cie., S.C.A.;-3,99 €;10.553,02 €;
03.11.2021;03.11.2021;Lastschrift;_6563803708 PAYPALLU96ZZZ.PP . iTunes and App Store,Ihr Einkauf bei iTunes and App Store;Max Mustermann;PayPal (Europe) S.a.r.l. et Cie., S.C.A.;-3,99 €;10.557,01 €;
03.11.2021;03.11.2021;Lastschrift;_6563863979 PAYPALLU96ZZZ.PP . iTunes and App Store,Ihr Einkauf bei iTunes and App Store;Max Mustermann;PayPal (Europe) S.a.r.l. et Cie., S.C.A.;-3,99 €;10.561,00 €;
03.11.2021;03.11.2021;Lastschrift;_6563748591 PAYPALLU96ZZZ.PP . iTunes and App Store,Ihr Einkauf bei iTunes and App Store;Max Mustermann;PayPal (Europe) S.a.r.l. et Cie., S.C.A.;-3,99 €;10.564,99 €;
03.11.2021;03.11.2021;Lastschrift;Referenz ZAA0098638673M_-ID _-Stuttgarter Strassenbahnen AG. Vielen Dank fuer Ihre Fahrt.;Max Mustermann;LOGPAY FINANCIAL SERVICES GMBH;-2,55 €;10.568,98 €;
02.11.2021;02.11.2021;Lastschrift;_6521499011 PAYPALLU96ZZZ.PP . Takeaway.com PaymentsB.V., Ihr Einkauf bei Takeaway.comPayments B.V.;Max Mustermann;PayPal (Europe) S.a.r.l. et Cie., S.C.A.;-33,00 €;10.571,53 €;
02.11.2021;02.11.2021;Lastschrift;_6563900836 PAYPALLU96ZZZ.PP . iTunes and App Store,Ihr Einkauf bei iTunes and App Store;Max Mustermann;PayPal (Europe) S.a.r.l. et Cie., S.C.A.;-3,99 €;10.604,53 €;
02.11.2021;02.11.2021;Lastschrift;Referenz Kd.nr. _ 2000/_/001Einreicher-ID _ vom 02.11.2021;Max Mustermann;NEULAND Wohnungsgesellschaft mbH;-496,41 €;10.608,52 €;
02.11.2021;02.11.2021;Lastschrift;Referenz 3E0LBYP92JMSQH86MkE.7(Q2,_+_.4Einreicher-ID DEX-7560943-1485118 AMZN Mktp DE 3E0LBYP92JMSQH86;Max Mustermann;AMAZON PAYMENTS EUROPE S.C.A.;-28,98 €;11.104,93 €;
02.11.2021;02.11.2021;Dauerauftrag;MIETE FUER:HASENSTR. 1,7XXXX STUTTGART;Max Mustermann;W+I HAMMER;-840,00 €;11.133,91 €;
01.11.2021;01.11.2021;Dauergutschrift;Referenz NOTPROVIDEDVerwendungszweckMiete;Doris UnMi3;Max Mustermann;360,00 €;11.973,91 €;
01.11.2021;01.11.2021;Kartenzahlung;Referenz SUEDMARKT GMBH;Max Mustermann;Lastschrift aus Kartenzahlung;-36,89 €;11.613,91 €;
01.11.2021;01.11.2021;Lastschrift;-;Max Mustermann;LSW Energie GmbH & Co. KG;-183,00 €;11.650,80 €;
01.11.2021;01.11.2021;Lastschrift;_6503688313 PAYPALLU96ZZZ.PP . , Ihr Einkauf bei;Max Mustermann;PayPal (Europe) S.a.r.l. et Cie., S.C.A.;-191,00 €;11.833,80 €;
01.11.2021;01.11.2021;Lastschrift;Referenz NOTPROVIDEDM01-20180607-164912-650678Einreicher-ID DEXXX-Max Mustermann _ 007000 A0F5UF;Max Mustermann;Max Mustermann;-250,00 €;12.024,80 €;
01.11.2021;01.11.2021;Lastschrift;Referenz NOTPROVIDEDM01-20180607-164912-650678Einreicher-ID DE-ANYONE _ 007003 A2DVEZ;Max Mustermann;Max Mustermann;-40,00 €;12.274,80 €;
01.11.2021;01.11.2021;Lastschrift;BAUSPARVERTRAG;Max Mustermann;ALTE LEIPZIGER BAUSPAR AG;-250,00 €;12.314,80 €;
01.11.2021;01.11.2021;Dauerauftrag;RUECKLAGEN;Max Mustermann;Max Mustermann;-50,00 €;12.564,80 €;
01.11.2021;01.11.2021;Dauerauftrag;URLAUB;Max Mustermann;Max Mustermann;-250,00 €;12.614,80 €;
01.11.2021;01.11.2021;Dauerauftrag;RENTE FÜR ELTERN;Max Mustermann;Max Mustermann;-10,00 €;12.864,80 €;
01.11.2021;01.11.2021;Dauerauftrag;DARLEHENSKONTONUMMER;Max Mustermann;BUNDESKASSE HALLE;-130,00 €;12.874,80 €;
29.10.2021;29.10.2021;Lastschrift;Referenz ZAA0098396654M_-ID _-Stuttgarter Strassenbahnen AG. Vielen Dank fuer Ihre Fahrt.;Max Mustermann;LOGPAY FINANCIAL SERVICES GMBH;-11,14 €;13.004,80 €;
29.10.2021;29.10.2021;Lastschrift;_6486133914 Paypal-ID _. CinemaxX Entertainment GmbH + Co.KG, Ihr Einkauf bei CinemaxX Entertainment GmbH + Co. KG;Max Mustermann;PayPal (Europe) S.a.r.l. et Cie., S.C.A.;-21,98 €;13.015,94 €;
29.10.2021;29.10.2021;Dauerauftrag;ETF-SPARPLAN;Max Mustermann;Max Mustermann;-250,00 €;13.037,92 €;
28.10.2021;28.10.2021;Gehalt/Rente;ENTGELTUEBERWEISUNG 10.2021;mypegasus-Transfer-GmbH;Max Mustermann;3.082,88 €;13.287,92 €;
28.10.2021;28.10.2021;Lastschrift;_6468315091 Paypal-ID _. REWE Markt GmbH, Ihr Einkauf beiREWE Markt GmbH;Max Mustermann;PayPal (Europe) S.a.r.l. et Cie., S.C.A.;-111,64 €;10.205,04 €;
28.10.2021;28.10.2021;Lastschrift;DRK GENERALSEKRETARIAT;Max Mustermann;DRK GENERALSEKRETARIAT;-20,00 €;10.316,68 €;
27.10.2021;27.10.2021;Lastschrift;Deutsche Post AG;Max Mustermann;Deutsche Post AG;-6,75 €;10.336,68 €;
26.10.2021;26.10.2021;Gutschrift;Referenz _ PAYPAL. H+M Hennes + Mauritz BV CO KG, Ihr Einkauf bei H+M Hennes + MauritzBV CO KG ABBUCHUNG VOM PAYPAL-KONTO;PayPal (Europe) S.a.r.l. et Cie., S.C.A.;Max Mustermann;39,99 €;10.343,43 €;
26.10.2021;26.10.2021;Überweisung;;Max Mustermann;Max Mustermann;-164,12 €;10.303,44 €;
26.10.2021;26.10.2021;Dauergutschrift;Referenz _VerwendungszweckMiete;Meine Partnerin;Max Mustermann;473,44 €;10.467,56 €;
26.10.2021;26.10.2021;Lastschrift;_6396388830 PAYPALLU96ZZZ.PP . iTunes and App Store,Ihr Einkauf bei iTunes and App Store;Max Mustermann;PayPal (Europe) S.a.r.l. et Cie., S.C.A.;-3,99 €;9.994,12 €;
26.10.2021;26.10.2021;Lastschrift;_6439996152 PAYPALLU96ZZZ.PP . iTunes and App Store,Ihr Einkauf bei iTunes and App Store;Max Mustermann;PayPal (Europe) S.a.r.l. et Cie., S.C.A.;-3,99 €;9.998,11 €;
26.10.2021;26.10.2021;Lastschrift;_6439992980 PAYPALLU96ZZZ.PP . iTunes and App Store,Ihr Einkauf bei iTunes and App Store;Max Mustermann;PayPal (Europe) S.a.r.l. et Cie., S.C.A.;-3,99 €;10.002,10 €;
26.10.2021;26.10.2021;Lastschrift;_6429381402 PAYPALLU96ZZZ.PP . Takeaway.com PaymentsB.V., Ihr Einkauf bei Takeaway.comPayments B.V.;Max Mustermann;PayPal (Europe) S.a.r.l. et Cie., S.C.A.;-23,50 €;10.006,09 €;
26.10.2021;26.10.2021;Lastschrift;_6429392529 PAYPALLU96ZZZ.PP . Takeaway.com PaymentsB.V., Ihr Einkauf bei Takeaway.comPayments B.V.;Max Mustermann;PayPal (Europe) S.a.r.l. et Cie., S.C.A.;-1,18 €;10.029,59 €;
26.10.2021;26.10.2021;Lastschrift;Referenz _MkE.7(Q2,_+_.4Einreicher-ID DEX-0946839-5562705 AMZN Mktp DE _;Max Mustermann;AMAZON PAYMENTS EUROPE S.C.A.;-33,97 €;10.030,77 €;
26.10.2021;26.10.2021;Lastschrift;_6440009786 PAYPALLU96ZZZ.PP . iTunes and App Store,Ihr Einkauf bei iTunes and App Store;Max Mustermann;PayPal (Europe) S.a.r.l. et Cie., S.C.A.;-5,99 €;10.064,74 €;
26.10.2021;26.10.2021;Lastschrift;_6440020417 PAYPALLU96ZZZ.PP . iTunes and App Store,Ihr Einkauf bei iTunes and App Store;Max Mustermann;PayPal (Europe) S.a.r.l. et Cie., S.C.A.;-5,99 €;10.070,73 €;
26.10.2021;26.10.2021;Lastschrift;_6396150660 PAYPALLU96ZZZ.PP . Takeaway.com PaymentsB.V., Ihr Einkauf bei Takeaway.comPayments B.V.;Max Mustermann;PayPal (Europe) S.a.r.l. et Cie., S.C.A.;-1,50 €;10.076,72 €;
26.10.2021;26.10.2021;Lastschrift;_6396346371 PAYPALLU96ZZZ.PP . iTunes and App Store,Ihr Einkauf bei iTunes and App Store;Max Mustermann;PayPal (Europe) S.a.r.l. et Cie., S.C.A.;-3,99 €;10.078,22 €;
26.10.2021;26.10.2021;Lastschrift;_6396335292 PAYPALLU96ZZZ.PP . iTunes and App Store,Ihr Einkauf bei iTunes and App Store;Max Mustermann;PayPal (Europe) S.a.r.l. et Cie., S.C.A.;-3,99 €;10.082,21 €;
26.10.2021;26.10.2021;Lastschrift;_6396143423 PAYPALLU96ZZZ.PP . Takeaway.com PaymentsB.V., Ihr Einkauf bei Takeaway.comPayments B.V.;Max Mustermann;PayPal (Europe) S.a.r.l. et Cie., S.C.A.;-30,00 €;10.086,20 €;
26.10.2021;26.10.2021;Lastschrift;Referenz 5NVTKOTWL6VCYJL8MkE.7(Q2,_+_.4Einreicher-ID DEX-4894316-3009961 AMZN Mktp DE 5NVTKOTWL6VCYJL8;Max Mustermann;AMAZON PAYMENTS EUROPE S.C.A.;-72,99 €;10.116,20 €;
26.10.2021;26.10.2021;Lastschrift;_6438834519 PAYPALLU96ZZZ.PP . iTunes and App Store,Ihr Einkauf bei iTunes and App Store;Max Mustermann;PayPal (Europe) S.a.r.l. et Cie., S.C.A.;-0,99 €;10.189,19 €;
25.10.2021;25.10.2021;Lastschrift;Referenz Beleg: _4400M_ _/Mustermann/ENERGIELIEFERUNG;Max Mustermann;Suewag Vertrieb AG CO.KG;-50,00 €;10.190,18 €;
25.10.2021;25.10.2021;Lastschrift;Referenz Beleg: _4401M_ 290600204/Mustermann/ENERGIELIEFERUNG;Max Mustermann;Suewag Vertrieb AG CO.KG;-65,00 €;10.240,18 €;
25.10.2021;25.10.2021;Lastschrift;_6388860443 Paypal-ID _. REWE Markt GmbH, Ihr Einkauf beiREWE Markt GmbH;Max Mustermann;PayPal (Europe) S.a.r.l. et Cie., S.C.A.;-89,79 €;10.305,18 €;
25.10.2021;25.10.2021;Lastschrift;Referenz 3GMHS9KJOMSFPGYSMkE.7(Q2,_+_.4Einreicher-ID DEX-0946839-5562705 AMZN Mktp DE 3GMHS9KJOMSFPGYS;Max Mustermann;AMAZON PAYMENTS EUROPE S.C.A.;-59,99 €;10.394,97 €;
25.10.2021;25.10.2021;Lastschrift;Referenz 6VSLN3IC1WQD8779MkE.7(Q2,_+_.4Einreicher-ID DEX-2390274-3318754 AMZN Mktp DE 6VSLN3IC1WQD8779;Max Mustermann;AMAZON PAYMENTS EUROPE S.C.A.;-12,31 €;10.454,96 €;
21.10.2021;21.10.2021;Gutschrift;Referenz QKYB3EAOCYXRULF5302-4078043-4023562 AMZ Amazon.de QKYB3EAOCYXRULF5;AMAZON EU S.A R.L., NIEDERLASSUNG DEUTSCHLAND;Max Mustermann;104,99 €;10.467,27 €;
21.10.2021;21.10.2021;Lastschrift;Referenz ZAA0097671698M_-ID _-Stuttgarter Strassenbahnen AG. Vielen Dank fuer Ihre Fahrt.;Max Mustermann;LOGPAY FINANCIAL SERVICES GMBH;-2,55 €;10.362,28 €;
20.10.2021;20.10.2021;Kartenzahlung;ZAP DR. ANJA BLESS-SIEVERS;Max Mustermann;ZAP DR. ANJA BLESS-SIEVERS;-82,00 €;10.364,83 €;
20.10.2021;20.10.2021;Überweisung;Restkaution;Max Mustermann;Joelle X;-164,00 €;10.446,83 €;
20.10.2021;20.10.2021;Lastschrift;Referenz ZAA0097585989M_-ID _-Stuttgarter Strassenbahnen AG. Vielen Dank fuer Ihre Fahrt.;Max Mustermann;LOGPAY FINANCIAL SERVICES GMBH;-5,10 €;10.610,83 €;
19.10.2021;19.10.2021;Lastschrift;_6270104524 PAYPALLU96ZZZ.PP . iTunes and App Store,Ihr Einkauf bei iTunes and App Store;Max Mustermann;PayPal (Europe) S.a.r.l. et Cie., S.C.A.;-3,99 €;10.615,93 €;
19.10.2021;19.10.2021;Lastschrift;_6276858597 PAYPALLU96ZZZ.PP . iTunes and App Store,Ihr Einkauf bei iTunes and App Store;Max Mustermann;PayPal (Europe) S.a.r.l. et Cie., S.C.A.;-3,99 €;10.619,92 €;
19.10.2021;19.10.2021;Lastschrift;_6270049116 PAYPALLU96ZZZ.PP . iTunes and App Store,Ihr Einkauf bei iTunes and App Store;Max Mustermann;PayPal (Europe) S.a.r.l. et Cie., S.C.A.;-3,99 €;10.623,91 €;
19.10.2021;19.10.2021;Lastschrift;_6276830003 PAYPALLU96ZZZ.PP . iTunes and App Store,Ihr Einkauf bei iTunes and App Store;Max Mustermann;PayPal (Europe) S.a.r.l. et Cie., S.C.A.;-3,99 €;10.627,90 €;
19.10.2021;19.10.2021;Lastschrift;_6308788028 PAYPALLU96ZZZ.PP . Takeaway.com PaymentsB.V., Ihr Einkauf bei Takeaway.comPayments B.V.;Max Mustermann;PayPal (Europe) S.a.r.l. et Cie., S.C.A.;-1,32 €;10.631,89 €;
19.10.2021;19.10.2021;Lastschrift;_6308779870 PAYPALLU96ZZZ.PP . Takeaway.com PaymentsB.V., Ihr Einkauf bei Takeaway.comPayments B.V.;Max Mustermann;PayPal (Europe) S.a.r.l. et Cie., S.C.A.;-26,48 €;10.633,21 €;
19.10.2021;19.10.2021;Lastschrift;_6318848546 PAYPALLU96ZZZ.PP . iTunes and App Store,Ihr Einkauf bei iTunes and App Store;Max Mustermann;PayPal (Europe) S.a.r.l. et Cie., S.C.A.;-0,99 €;10.659,69 €;
19.10.2021;19.10.2021;Lastschrift;_6274591984 PAYPALLU96ZZZ.PP . Takeaway.com PaymentsB.V., Ihr Einkauf bei Takeaway.comPayments B.V.;Max Mustermann;PayPal (Europe) S.a.r.l. et Cie., S.C.A.;-22,10 €;10.660,68 €;
19.10.2021;19.10.2021;Lastschrift;Referenz NOTPROVIDEDM SIMply Rechnung;Max Mustermann;Drillisch Online GmbH;-12,49 €;10.682,78 €;
19.10.2021;19.10.2021;Lastschrift;_6305711809 PAYPALLU96ZZZ.PP . iTunes and App Store,Ihr Einkauf bei iTunes and App Store;Max Mustermann;PayPal (Europe) S.a.r.l. et Cie., S.C.A.;-3,99 €;10.695,27 €;
19.10.2021;19.10.2021;Lastschrift;_6307264565 PAYPALLU96ZZZ.PP . iTunes and App Store,Ihr Einkauf bei iTunes and App Store;Max Mustermann;PayPal (Europe) S.a.r.l. et Cie., S.C.A.;-14,99 €;10.699,26 €;
18.10.2021;18.10.2021;Lastschrift;_6259013530 Paypal-ID _. REWE Markt GmbH, Ihr Einkauf beiREWE Markt GmbH;Max Mustermann;PayPal (Europe) S.a.r.l. et Cie., S.C.A.;-123,07 €;10.714,25 €;
18.10.2021;18.10.2021;Lastschrift;_6257867231 Paypal-ID _. H+M Hennes + Mauritz BV CO KG, Ihr Einkauf bei H+M Hennes + MauritzBV CO KG;Max Mustermann;PayPal (Europe) S.a.r.l. et Cie., S.C.A.;-174,94 €;10.837,32 €;